<?xml version="1.0" encoding="UTF-8"?>
<record xmlns="http://www.loc.gov/MARC21/slim">
  <leader>     cam a22       c4500</leader>
  <controlfield tag="001">1724623850</controlfield>
  <controlfield tag="003">DE-627</controlfield>
  <controlfield tag="005">20210510100005.0</controlfield>
  <controlfield tag="007">cr uuu---uuuuu</controlfield>
  <controlfield tag="008">200714s2020    ci |||||o     10| ||eng c</controlfield>
  <datafield tag="024" ind1="7" ind2=" ">
    <subfield code="a">11159/4570</subfield>
    <subfield code="2">hdl</subfield>
  </datafield>
  <datafield tag="035" ind1=" " ind2=" ">
    <subfield code="a">(DE-627)1724623850</subfield>
  </datafield>
  <datafield tag="035" ind1=" " ind2=" ">
    <subfield code="a">(DE-599)KXP1724623850</subfield>
  </datafield>
  <datafield tag="040" ind1=" " ind2=" ">
    <subfield code="a">DE-627</subfield>
    <subfield code="b">ger</subfield>
    <subfield code="c">DE-627</subfield>
    <subfield code="e">rda</subfield>
  </datafield>
  <datafield tag="041" ind1=" " ind2=" ">
    <subfield code="a">eng</subfield>
  </datafield>
  <datafield tag="044" ind1=" " ind2=" ">
    <subfield code="c">XA-HR</subfield>
  </datafield>
  <datafield tag="111" ind1="2" ind2=" ">
    <subfield code="a">International Scientific Conference on Economic and Social Development</subfield>
    <subfield code="n">55.</subfield>
    <subfield code="d">2020</subfield>
    <subfield code="c">Baku</subfield>
    <subfield code="j">VerfasserIn</subfield>
    <subfield code="0">(DE-588)1213829399</subfield>
    <subfield code="0">(DE-627)1724817051</subfield>
    <subfield code="4">aut</subfield>
  </datafield>
  <datafield tag="245" ind1="1" ind2="0">
    <subfield code="a">Economic and social development</subfield>
    <subfield code="b">55th International Scientific Conference on Economic and Social Development : book of proceedings : Baku, 18-19 June 2020</subfield>
    <subfield code="n">vol. 4/4</subfield>
    <subfield code="p">Vol. 4/4 / Varazdin Development and Entrepreneurship Agency and University North in cooperation with Azerbaijan State University of Economics (UNEC), Faculty of Management University of Warsaw, Faculty of Law, Economics and Social Sciences Sale - Mohammed V University in Rabat, Polytechnic of Medimurje in Cakovec ; editors: Altay Ismayilov, Khatai Aliyev, Manuel Benazic</subfield>
    <subfield code="c">Varazdin Development and Entrepreneurship Agency and University North in cooperation with Azerbaijan State University of Economics (UNEC), Faculty of Management University of Warsaw, Faculty of Law, Economics and Social Sciences Sale - Mohammed V University in Rabat, Polytechnic of Medimurje in Cakovec ; editors: Altay Ismayilov, Khatai Aliyev, Manuel Benazic</subfield>
  </datafield>
  <datafield tag="264" ind1=" " ind2="1">
    <subfield code="a">Varazdin, Croatia</subfield>
    <subfield code="b">Varazdin Development and Entrepreneurship Agency</subfield>
    <subfield code="c">[2020]</subfield>
  </datafield>
  <datafield tag="300" ind1=" " ind2=" ">
    <subfield code="a">1 Online-Ressource (circa 718 Seiten)</subfield>
    <subfield code="b">Illustrationen</subfield>
  </datafield>
  <datafield tag="336" ind1=" " ind2=" ">
    <subfield code="a">Text</subfield>
    <subfield code="b">txt</subfield>
    <subfield code="2">rdacontent</subfield>
  </datafield>
  <datafield tag="337" ind1=" " ind2=" ">
    <subfield code="a">Computermedien</subfield>
    <subfield code="b">c</subfield>
    <subfield code="2">rdamedia</subfield>
  </datafield>
  <datafield tag="338" ind1=" " ind2=" ">
    <subfield code="a">Online-Ressource</subfield>
    <subfield code="b">cr</subfield>
    <subfield code="2">rdacarrier</subfield>
  </datafield>
  <datafield tag="650" ind1=" " ind2="7">
    <subfield code="8">1.1\x</subfield>
    <subfield code="a">Entwicklung</subfield>
    <subfield code="0">(DE-627)091357322</subfield>
    <subfield code="0">(DE-2867)10513-0</subfield>
    <subfield code="2">stw</subfield>
  </datafield>
  <datafield tag="650" ind1=" " ind2="7">
    <subfield code="8">1.2\x</subfield>
    <subfield code="a">Sozialer Wandel</subfield>
    <subfield code="0">(DE-627)091390125</subfield>
    <subfield code="0">(DE-2867)15720-5</subfield>
    <subfield code="2">stw</subfield>
  </datafield>
  <datafield tag="650" ind1=" " ind2="7">
    <subfield code="8">1.3\x</subfield>
    <subfield code="a">Welt</subfield>
    <subfield code="0">(DE-627)09140004X</subfield>
    <subfield code="0">(DE-2867)16809-5</subfield>
    <subfield code="2">stw</subfield>
  </datafield>
  <datafield tag="655" ind1=" " ind2="7">
    <subfield code="a">Konferenzschrift</subfield>
    <subfield code="0">(DE-588)1071861417</subfield>
    <subfield code="0">(DE-627)826484824</subfield>
    <subfield code="0">(DE-576)433375485</subfield>
    <subfield code="2">gnd-content</subfield>
  </datafield>
  <datafield tag="700" ind1="1" ind2=" ">
    <subfield code="a">Ismayilov, Altay</subfield>
    <subfield code="e">HerausgeberIn</subfield>
    <subfield code="4">edt</subfield>
  </datafield>
  <datafield tag="700" ind1="1" ind2=" ">
    <subfield code="a">Aliyev, Khatai</subfield>
    <subfield code="e">HerausgeberIn</subfield>
    <subfield code="4">edt</subfield>
  </datafield>
  <datafield tag="700" ind1="1" ind2=" ">
    <subfield code="a">Benazic, Manuel</subfield>
    <subfield code="e">HerausgeberIn</subfield>
    <subfield code="4">edt</subfield>
  </datafield>
  <datafield tag="710" ind1="2" ind2=" ">
    <subfield code="a">Varazdin Development and Entrepreneurship Agency</subfield>
    <subfield code="e">Herausgebendes Organ</subfield>
    <subfield code="0">(DE-588)1051523575</subfield>
    <subfield code="0">(DE-627)786384050</subfield>
    <subfield code="4">isb</subfield>
  </datafield>
  <datafield tag="773" ind1="1" ind2="8">
    <subfield code="w">(DE-627)1724621912</subfield>
    <subfield code="g">vol. 4/4</subfield>
    <subfield code="q">4.2020</subfield>
    <subfield code="7">|||m</subfield>
  </datafield>
  <datafield tag="856" ind1="4" ind2="0">
    <subfield code="u">https://www.esd-conference.com/upload/book_of_proceedings/Book_of_Proceedings_esdBaku2020_Vol4_Online.pdf</subfield>
    <subfield code="x">Verlag</subfield>
    <subfield code="z">kostenfrei</subfield>
  </datafield>
  <datafield tag="856" ind1="4" ind2="0">
    <subfield code="u">http://hdl.handle.net/11159/4570</subfield>
    <subfield code="x">Resolving-System</subfield>
    <subfield code="z">kostenfrei</subfield>
  </datafield>
  <datafield tag="951" ind1=" " ind2=" ">
    <subfield code="a">MV</subfield>
  </datafield>
  <datafield tag="980" ind1=" " ind2=" ">
    <subfield code="2">26</subfield>
    <subfield code="1">01</subfield>
    <subfield code="b">3724098448</subfield>
    <subfield code="f">K:</subfield>
    <subfield code="d">ZSM 1</subfield>
    <subfield code="x">0206</subfield>
    <subfield code="y">z1k</subfield>
    <subfield code="z">14-07-20</subfield>
  </datafield>
</record>
